% This file was created with JabRef 2.10.
% Encoding: UTF8


@Article{abrol1992oxygen,
  Title                    = {Oxygen consumption of foraging bees},
  Author                   = {Abrol, DP},
  Journal                  = {J. Anim. Morphol. Physiol},
  Year                     = {1992},
  Pages                    = {27--42},
  Volume                   = {39}
}

@Article{ayala1974frequency,
  Title                    = {Frequency-dependent selection},
  Author                   = {Ayala, Francisco J and Campbell, Cathryn A},
  Journal                  = {Annual review of Ecology and systematics},
  Year                     = {1974},
  Pages                    = {115--138},

  File                     = {ayala1974frequency.pdf:ayala1974frequency.pdf:PDF},
  Keywords                 = {FDP},
  Publisher                = {JSTOR}
}

@Manual{MuMIn,
  Title                    = {MuMIn: Multi-Model Inference},
  Author                   = {Kamil Barton},
  Note                     = {R package version 1.12.1},
  Year                     = {2014},

  Url                      = {http://CRAN.R-project.org/package=MuMIn}
}

@Article{bartumeus2005animal,
  Title                    = {Animal search strategies: a quantitative random-walk analysis},
  Author                   = {Bartumeus, Frederic and da Luz, M G E and Viswanathan, GM and Catalan, Jordi},
  Journal                  = {Ecology},
  Year                     = {2005},
  Number                   = {11},
  Pages                    = {3078--3087},
  Volume                   = {86},

  File                     = {bartumeus2005animal.pdf:Literatur\\bartumeus2005animal.pdf:PDF},
  Keywords                 = {CRW},
  Publisher                = {Eco Soc America}
}

@Article{benadi2013can,
  Title                    = {When can plant-pollinator interactions promote plant diversity?},
  Author                   = {Benadi, Gita and Bl{\"u}thgen, Nico and Hovestadt, Thomas and Poethke, Hans-Joachim},
  Journal                  = {The American Naturalist},
  Year                     = {2013},
  Number                   = {2},
  Pages                    = {131--146},
  Volume                   = {182},

  Comment                  = {biodiversity maintenance, community ecology, ecological networks, mutualism, nestedness, pollination, Lotka-Volterra model, a fairly detailed mechanistic representation of interactions
between individual plants and pollinators},
  File                     = {benadi2013can.pdf:benadi2013can.pdf:PDF},
  Keywords                 = {SR, model,},
  Publisher                = {JSTOR}
}

@Article{benadi2012population,
  Title                    = {Population dynamics of plant and pollinator communities: stability reconsidered},
  Author                   = {Benadi, Gita and Bl{\"u}thgen, Nico and Hovestadt, Thomas and Poethke, Hans-Joachim},
  Journal                  = {The American Naturalist},
  Year                     = {2012},
  Number                   = {2},
  Pages                    = {157--168},
  Volume                   = {179},

  Comment                  = {mutualism, plant-pollinator networks, coexistence, theoretical paper, many equations,},
  File                     = {benadi2012population.pdf:benadi2012population.pdf:PDF},
  Keywords                 = {model, VR,},
  Owner                    = {1},
  Publisher                = {JSTOR}
}

@Article{benadi2014specialization,
  Title                    = {Specialization and phenological synchrony of plant--pollinator interactions along an altitudinal gradient},
  Author                   = {Benadi, Gita and Hovestadt, Thomas and Poethke, Hans-Joachim and Bl{\"u}thgen, Nico},
  Journal                  = {Journal of Animal Ecology},
  Year                     = {2014},
  Number                   = {3},
  Pages                    = {639--650},
  Volume                   = {83},

  File                     = {benadi2014specialization.pdf:benadi2014specialization.pdf:PDF},
  Publisher                = {Wiley Online Library}
}

@Article{bernhardt2008effects,
  Title                    = {Effects of population size and density on pollinator visitation, pollinator behavior, and pollen tube abundance in Lupinus perennis},
  Author                   = {Bernhardt, Christopher E and Mitchell, Randall J and Michaels, Helen J},
  Journal                  = {International Journal of Plant Sciences},
  Year                     = {2008},
  Number                   = {7},
  Pages                    = {944--953},
  Volume                   = {169},

  Comment                  = {plant-pollinator interaction, pollination,},
  File                     = {bernhardt2008effects.pdf:bernhardt2008effects.pdf:PDF},
  Keywords                 = {density, field, VR,},
  Publisher                = {JSTOR}
}

@Article{bever1999dynamics,
  Title                    = {Dynamics within mutualism and the maintenance of diversity: inference from a model of interguild frequency dependence},
  Author                   = {Bever, JD},
  Journal                  = {Ecology Letters},
  Year                     = {1999},
  Number                   = {1},
  Pages                    = {52--61},
  Volume                   = {2},

  Comment                  = {diversity, mutualism, formula, maths, not about pollination},
  File                     = {bever1999dynamics.pdf:bever1999dynamics.pdf:PDF},
  Keywords                 = {model, FDP},
  Publisher                = {Wiley Online Library}
}

@Article{bluthgen2011functional,
  Title                    = {Functional complementarity and specialisation: the role of biodiversity in plant--pollinator interactions},
  Author                   = {Bl{\"u}thgen, Nico and Klein, Alexandra-Maria},
  Journal                  = {Basic and Applied Ecology},
  Year                     = {2011},
  Number                   = {4},
  Pages                    = {282--291},
  Volume                   = {12},

  File                     = {bluthgen2011functional.pdf:bluthgen2011functional.pdf:PDF},
  Publisher                = {Elsevier}
}

@Article{bobisud1975pollinator,
  Title                    = {Pollinator constancy and survival of rare species},
  Author                   = {Bobisud, Larry E and Neuhaus, Ralph J},
  Journal                  = {Oecologia},
  Year                     = {1975},
  Number                   = {3},
  Pages                    = {263--272},
  Volume                   = {21},

  Comment                  = {effect of constancy on rare plant species, Markov model, model with 3 plant species,interesting assumptions, mathematical model, many equations},
  File                     = {bobisud1975pollinator.pdf:bobisud1975pollinator.pdf:PDF},
  Keywords                 = {constancy, model},
  Owner                    = {1},
  Publisher                = {Springer}
}

@Article{bukovac2013bees,
  Title                    = {A-bees see: a simulation to assess social bee visual attention during complex search tasks},
  Author                   = {Bukovac, Zoe and Dorin, Alan and Dyer, Adrian},
  Journal                  = {Advances in Artificial Life, ECAL},
  Year                     = {2013},
  Pages                    = {276--283},
  Volume                   = {12},

  Booktitle                = {Advances in Artificial Life, ECAL},
  File                     = {bukovac2013bees.pdf:bukovac2013bees.pdf:PDF},
  Keywords                 = {ABM, model, foraging, CRW}
}

@Article{campbell1986predicting,
  Title                    = {Predicting plant reproductive success from models of competition for pollination},
  Author                   = {Campbell, Diane R},
  Journal                  = {Oikos},
  Year                     = {1986},
  Pages                    = {257--266},

  Comment                  = {analytical model, interspecific pollen movement, pollination success (fruit set), pollen carryover,},
  File                     = {campbell1986predicting.pdf:Literatur\\campbell1986predicting.pdf:PDF},
  Keywords                 = {model, parametervalues, IPM,},
  Publisher                = {JSTOR}
}

@Article{charlton2010currency,
  Title                    = {What currency do bumble bees maximize?},
  Author                   = {Charlton, Nicholas L and Houston, Alasdair I},
  Journal                  = {PloS one},
  Year                     = {2010},
  Number                   = {8},
  Pages                    = {e12186},
  Volume                   = {5},

  Publisher                = {Public Library of Science}
}

@Article{chittka1997foraging,
  Title                    = {Foraging dynamics of bumble bees: correlates of movements within and between plant species},
  Author                   = {Chittka, Lars and Gumbert, Andreas and Kunze, Jan},
  Journal                  = {Behavioral Ecology},
  Year                     = {1997},
  Number                   = {3},
  Pages                    = {239--249},
  Volume                   = {8},

  Comment                  = {data for flight time, lotus & Lathyrus used, very good about constancy eg data for the model},
  File                     = {chittka1997foraging.pdf:chittka1997foraging.pdf:PDF},
  Keywords                 = {foraging, constancy, foraging, parametervalues, field,},
  Owner                    = {1},
  Publisher                = {ISBE}
}

@Article{chittka1999flower,
  Title                    = {Flower constancy, insect psychology, and plant evolution},
  Author                   = {Chittka, Lars and Thomson, James D and Waser, Nickolas M},
  Journal                  = {Naturwissenschaften},
  Year                     = {1999},
  Number                   = {8},
  Pages                    = {361--377},
  Volume                   = {86},

  Comment                  = {memory of pollinators, many theories, good paper, review},
  File                     = {chittka1999flower.pdf:Literatur\\chittka1999flower.pdf:PDF},
  Keywords                 = {constancy, foraging, references},
  Publisher                = {Springer}
}

@Article{codling2010diffusion,
  Title                    = {Diffusion about the mean drift location in a biased random walk},
  Author                   = {Codling, Edward A and Bearon, Rachel N and Thorn, Graeme J},
  Journal                  = {Ecology},
  Year                     = {2010},
  Number                   = {10},
  Pages                    = {3106--3113},
  Volume                   = {91},

  Comment                  = {normal and cauchy distribution},
  File                     = {codling2010diffusion.pdf:Literatur\\codling2010diffusion.pdf:PDF},
  Keywords                 = {CRW},
  Publisher                = {Eco Soc America}
}

@Article{codling2008random,
  Title                    = {Random walk models in biology},
  Author                   = {Codling, Edward A and Plank, Michael J and Benhamou, Simon},
  Journal                  = {Journal of the Royal Society Interface},
  Year                     = {2008},
  Number                   = {25},
  Pages                    = {813--834},
  Volume                   = {5},

  File                     = {codling2008random.pdf:Literatur\\codling2008random.pdf:PDF},
  Keywords                 = {CRW},
  Publisher                = {The Royal Society}
}

@Article{dauber2010effects,
  Title                    = {Effects of patch size and density on flower visitation and seed set of wild plants: a pan-European approach},
  Author                   = {Dauber, Jens and Biesmeijer, Jacobus C and Gabriel, Doreen and Kunin, William E and Lamborn, Ellen and Meyer, Birgit and Nielsen, Anders and Potts, Simon G and Roberts, Stuart PM and Sober, Virve and others},
  Journal                  = {Journal of Ecology},
  Year                     = {2010},
  Number                   = {1},
  Pages                    = {188--196},
  Volume                   = {98},

  File                     = {dauber2010effects.pdf:dauber2010effects.pdf:PDF},
  Keywords                 = {cluster, VR,},
  Publisher                = {Wiley Online Library}
}

@Article{deangelis2005individual,
  Title                    = {Individual-based modeling of ecological and evolutionary processes},
  Author                   = {DeAngelis, Donald L and Mooij, Wolf M},
  Journal                  = {Annual Review of Ecology, Evolution, and Systematics},
  Year                     = {2005},
  Pages                    = {147--168},

  File                     = {deangelis2005individual.pdf:deangelis2005individual.pdf:PDF},
  Keywords                 = {ABM},
  Publisher                = {JSTOR}
}

@Article{dornhaus2006benefits,
  Title                    = {Benefits of recruitment in honey bees: effects of ecology and colony size in an individual-based model},
  Author                   = {Dornhaus, Anna and Kl{\"u}gl, Franziska and Oechslein, Christoph and Puppe, Frank and Chittka, Lars},
  Journal                  = {Behavioral Ecology},
  Year                     = {2006},
  Number                   = {3},
  Pages                    = {336--344},
  Volume                   = {17},

  Comment                  = {Individual-based model of honey bee foraging
Spatial/2D-Space, agent-based
1 out of 7 behaviors
90%of foraging within 4km of hive
Influence of resource distribution
Difference in �scout speed� and �flight speed�},
  File                     = {dornhaus2006benefits.pdf:dornhaus2006benefits.pdf:PDF},
  Keywords                 = {model, density, foraging, ABM},
  Publisher                = {ISBE}
}

@Article{dyer2014bee,
  Title                    = {Bee reverse-learning behavior and intra-colony differences: Simulations based on behavioral experiments reveal benefits of diversity},
  Author                   = {Dyer, AG and Dorin, A and Reinhardt, V and Garcia, JE and Rosa, MGP},
  Journal                  = {Ecological Modelling},
  Year                     = {2014},
  Pages                    = {119--131},
  Volume                   = {277},

  Comment                  = {Individual behavior, Learning, Pollinator, Visual ecology ,Honeybee, Individual-based simulation, similar to EGT},
  File                     = {dyer2014bee.pdf:dyer2014bee.pdf:PDF},
  Keywords                 = {model, foraging, field, VR, parametervalues, ABM},
  Publisher                = {Elsevier}
}

@Article{dyer2008comparative,
  Title                    = {Comparative psychophysics of bumblebee and honeybee colour discrimination and object detection},
  Author                   = {Dyer, Adrian G and Spaethe, Johannes and Prack, Sabina},
  Journal                  = {Journal of Comparative Physiology A},
  Year                     = {2008},
  Number                   = {7},
  Pages                    = {617--627},
  Volume                   = {194},

  Keywords                 = {parametervalues},
  Publisher                = {Springer}
}

@Article{ebeling2008does,
  Title                    = {How does plant richness affect pollinator richness and temporal stability of flower visits?},
  Author                   = {Ebeling, Anne and Klein, Alexandra-Maria and Schumacher, Jens and Weisser, Wolfgang W and Tscharntke, Teja},
  Journal                  = {Oikos},
  Year                     = {2008},
  Number                   = {12},
  Pages                    = {1808--1815},
  Volume                   = {117},

  File                     = {ebeling2008does.pdf:Literatur zu lesen\\ebeling2008does.pdf:PDF},
  Keywords                 = {Jena, SR, field},
  Owner                    = {1},
  Publisher                = {Wiley Online Library}
}

@Article{ebeling2012multitrophic,
  Title                    = {Multitrophic effects of experimental changes in plant diversity on cavity-nesting bees, wasps, and their parasitoids},
  Author                   = {Ebeling, Anne and Klein, Alexandra-Maria and Weisser, Wolfgang W and Tscharntke, Teja},
  Journal                  = {Oecologia},
  Year                     = {2012},
  Number                   = {2},
  Pages                    = {453--465},
  Volume                   = {169},

  File                     = {ebeling2012multitrophic.pdf:ebeling2012multitrophic.pdf:PDF},
  Keywords                 = {field, pollinator, jena},
  Publisher                = {Springer}
}

@Article{Eckhart2006frequency,
  Title                    = {Frequency-dependent pollinator foraging in polymorphic Clarkia xantiana ssp. xantiana populations: implications for flower colour evolution and pollinator interactions},
  Author                   = {Eckhart, Vincent and Rushing, Naomi and Hart, Georgia and Hansen, Joseph},
  Journal                  = {Oikos},
  Year                     = {2006},
  Number                   = {2},
  Pages                    = {412--421},
  Volume                   = {112},

  File                     = {Eckhart2006frequency.pdf:Eckhart2006frequency.pdf:PDF},
  Keywords                 = {basic, FDP, morph, field},
  Publisher                = {Wiley Online Library}
}

@Article{elliott2009effects,
  Title                    = {Effects of flowering plant density on pollinator visitation, pollen receipt, and seed production in Delphinium barbeyi (Ranunculaceae)},
  Author                   = {Elliott, Susan E and Irwin, Rebecca E},
  Journal                  = {American Journal of Botany},
  Year                     = {2009},
  Number                   = {5},
  Pages                    = {912--919},
  Volume                   = {96},

  Comment                  = {Delphinium barbeyi ; flower density; pollen receipt; pollinator visitation rates; seasonal changes; spatial autocorrelation,},
  File                     = {elliott2009effects.pdf:Literatur\\elliott2009effects.pdf:PDF},
  Keywords                 = {density, VR, field},
  Publisher                = {Botanical Soc America}
}

@Article{epperson1987frequency,
  Title                    = {Frequency-dependent variation for outcrossing rate among flower-color morphs of Ipomoea purpurea},
  Author                   = {Epperson, Bryan K and Clegg, Michael T},
  Journal                  = {Evolution},
  Year                     = {1987},
  Pages                    = {1302--1311},

  Comment                  = {outcrossing rates, color morphs,},
  File                     = {epperson1987frequency.pdf:epperson1987frequency.pdf:PDF},
  Keywords                 = {morph, FDP, field,},
  Publisher                = {JSTOR}
}

@Article{essenberg2013explaining,
  Title                    = {Explaining the effects of floral density on flower visitor species composition},
  Author                   = {Essenberg, Carla J},
  Journal                  = {The American naturalist},
  Year                     = {2013},
  Number                   = {3},
  Volume                   = {181},

  Comment                  = {foraging behavior, optimal foraging theory, pollination, competition,},
  File                     = {essenberg2013explaining.pdf:essenberg2013explaining.pdf:PDF},
  Keywords                 = {model, SR, density, parametervalues,fields,},
  Publisher                = {NIH Public Access}
}

@Article{essenberg2012explaining,
  Title                    = {Explaining variation in the effect of floral density on pollinator visitation},
  Author                   = {Essenberg, Carla J},
  Journal                  = {The American Naturalist},
  Year                     = {2012},
  Number                   = {2},
  Pages                    = {153--166},
  Volume                   = {180},

  File                     = {essenberg2012explaining.pdf:essenberg2012explaining.pdf:PDF},
  Keywords                 = {model, density, basic},
  Owner                    = {1},
  Publisher                = {JSTOR}
}

@Article{faruq2013biological,
  Title                    = {The biological significance of color constancy: An agent-based model with bees foraging from flowers under varied illumination},
  Author                   = {Faruq, Samia and McOwan, Peter W and Chittka, Lars},
  Journal                  = {Journal of vision},
  Year                     = {2013},
  Number                   = {10},
  Pages                    = {10},
  Volume                   = {13},

  Comment                  = {ABM, color constancy, learning pollinators with memory,},
  File                     = {faruq2013biological.pdf:faruq2013biological.pdf:PDF},
  Keywords                 = {model, foraging, constancy},
  Publisher                = {Association for Research in Vision and Ophthalmology}
}

@Article{feinsinger1987effects,
  Title                    = {Effects of plant species on each other's pollination: Is community structure influenced?},
  Author                   = {Feinsinger, Peter},
  Journal                  = {Trends in ecology \& evolution},
  Year                     = {1987},
  Number                   = {5},
  Pages                    = {123--126},
  Volume                   = {2},

  Comment                  = {no empirical research, more a letter/review},
  File                     = {feinsinger1987effects.pdf:Literatur\\feinsinger1987effects.pdf:PDF},
  Keywords                 = {density, foraging, IPM,},
  Publisher                = {Elsevier}
}

@Article{Feldman2004can,
  Title                    = {When can two plant species facilitate each other's pollination?},
  Author                   = {Feldman, Tracy and Morris, William and Wilson, William},
  Journal                  = {Oikos},
  Year                     = {2004},
  Number                   = {1},
  Pages                    = {197--207},
  Volume                   = {105},

  Comment                  = {mathematical model with simple assumptions to check for facilitation among two plant species},
  File                     = {Feldman2004can.pdf:Feldman2004can.pdf:PDF},
  Keywords                 = {model, VR, density},
  Publisher                = {Wiley Online Library}
}

@Article{feldman2008plot,
  Title                    = {The plot thickens: does low density affect visitation and reproductive success in a perennial herb, and are these effects altered in the presence of a co-flowering species?},
  Author                   = {Feldman, Tracy S},
  Journal                  = {Oecologia},
  Year                     = {2008},
  Number                   = {4},
  Pages                    = {807--817},
  Volume                   = {156},

  File                     = {feldman2008plot.pdf:feldman2008plot.pdf:PDF},
  Publisher                = {Springer}
}

@Article{Feldman2006pollinator,
  Title                    = {Pollinator aggregative and functional responses to flower density: does pollinator response to patches of plants accelerate at low-densities?},
  Author                   = {Feldman, Tracy S},
  Journal                  = {Oikos},
  Year                     = {2006},
  Number                   = {1},
  Pages                    = {128--140},
  Volume                   = {115},

  File                     = {Feldman2006pollinator.pdf:Feldman2006pollinator.pdf:PDF},
  Publisher                = {Wiley Online Library}
}

@Article{geslin2014effect,
  Title                    = {Effect of local spatial plant distribution and conspecific density on bumble bee foraging behaviour},
  Author                   = {Geslin, Benoit and Baude, Mathilde and Mallard, Francois and Dajoz, Isabelle},
  Journal                  = {Ecological Entomology},
  Year                     = {2014},
  Number                   = {3},
  Pages                    = {334--342},
  Volume                   = {39},

  File                     = {geslin2014effect.pdf:geslin2014effect.pdf:PDF},
  Keywords                 = {density, cluster, VR, field},
  Publisher                = {Wiley Online Library}
}

@Article{ghazoul2006floral,
  Title                    = {Floral diversity and the facilitation of pollination},
  Author                   = {Ghazoul, Jaboury},
  Journal                  = {Journal of ecology},
  Year                     = {2006},
  Number                   = {2},
  Pages                    = {295--304},
  Volume                   = {94},

  File                     = {ghazoul2006floral.pdf:ghazoul2006floral.pdf:PDF},
  Keywords                 = {field},
  Publisher                = {Wiley Online Library}
}

@Article{ghazoul2005pollen,
  Title                    = {Pollen and seed dispersal among dispersed plants},
  Author                   = {Ghazoul, Jaboury},
  Journal                  = {Biological Reviews},
  Year                     = {2005},
  Number                   = {03},
  Pages                    = {413--443},
  Volume                   = {80},

  Publisher                = {Cambridge Univ Press}
}

@Article{gigord2001negative,
  Title                    = {Negative frequency-dependent selection maintains a dramatic flower color polymorphism in the rewardless orchid Dactylorhiza sambucina (L.) Soo},
  Author                   = {Gigord, Luc DB and Macnair, Mark R and Smithson, Ann},
  Journal                  = {Proceedings of the National Academy of Sciences},
  Year                     = {2001},
  Number                   = {11},
  Pages                    = {6253--6255},
  Volume                   = {98},

  File                     = {gigord2001negative.pdf:gigord2001negative.pdf:PDF},
  Keywords                 = {FDP, morph, field,},
  Publisher                = {National Acad Sciences}
}

@Article{goulson2000pollinators,
  Title                    = {Why do pollinators visit proportionally fewer flowers in large patches?},
  Author                   = {Goulson, Dave},
  Journal                  = {Oikos},
  Year                     = {2000},
  Number                   = {3},
  Pages                    = {485--492},
  Volume                   = {91},

  Comment                  = {optimal foraging stratebies, bombus, interesting for search time~patch size},
  File                     = {goulson2000pollinators.pdf:goulson2000pollinators.pdf:PDF},
  Keywords                 = {foraging , field, VR},
  Publisher                = {Wiley Online Library}
}

@Article{goulson1999foraging,
  Title                    = {Foraging strategies of insects for gathering nectar and pollen, and implications for plant ecology and evolution},
  Author                   = {Goulson, Dave},
  Journal                  = {Perspectives in Plant Ecology, Evolution and Systematics},
  Year                     = {1999},
  Number                   = {2},
  Pages                    = {185--209},
  Volume                   = {2},

  Comment                  = {ideal free distribution, optimal foraging, review, lot of info, Search patterns in a patchy
environment, many references},
  File                     = {goulson1999foraging.pdf:goulson1999foraging.pdf:PDF},
  Keywords                 = {foraging, constancy, references, basic},
  Publisher                = {Elsevier}
}

@Article{goulson1994model,
  Title                    = {A model to predict the influence of insect flower constancy on interspecific competition between insect pollinated plants},
  Author                   = {Goulson, Dave},
  Journal                  = {Journal of Theoretical Biology},
  Year                     = {1994},
  Number                   = {3},
  Pages                    = {309--314},
  Volume                   = {168},

  Comment                  = {mathematical model about flower constancy in a plant community of 2 co-flowering plants. flower constancy will suppress pollination of scarce speceis in favour of the most common plant species and so decrease diversity in plant community},
  File                     = {goulson1994model.pdf:goulson1994model.pdf:PDF},
  Keywords                 = {model, constancy, basic, density},
  Publisher                = {Elsevier}
}

@Article{goulson1997foraging,
  Title                    = {Foraging strategies in the small skipper butterfly,< i> Thymelicus flavus</i>: when to switch?},
  Author                   = {Goulson, Dave and Ollerton, Jeff and Sluman, Chris},
  Journal                  = {Animal Behaviour},
  Year                     = {1997},
  Number                   = {5},
  Pages                    = {1009--1016},
  Volume                   = {53},

  Comment                  = {butterfly, travelling time~handling time, optimal strategy,},
  File                     = {goulson1997foraging.pdf:Literatur\\goulson1997foraging.pdf:PDF},
  Keywords                 = {foraging, constancy, field,},
  Publisher                = {Elsevier}
}

@Article{goulson1998flower,
  Title                    = {Flower constancy in the hoverflies Episyrphus balteatus (Degeer) and Syrphus ribesii (L.)(Syrphidae)},
  Author                   = {Goulson, Dave and Wright, Nick P},
  Journal                  = {Behavioral Ecology},
  Year                     = {1998},
  Number                   = {3},
  Pages                    = {213--219},
  Volume                   = {9},

  Comment                  = {hoverflies, syrphid flies,},
  File                     = {goulson1998flower.pdf:Literatur\\goulson1998flower.pdf:PDF},
  Keywords                 = {constancy, field,},
  Publisher                = {ISBE}
}

@Article{greenleaf2007bee,
  Title                    = {Bee foraging ranges and their relationship to body size},
  Author                   = {Greenleaf, Sarah S and Williams, Neal M and Winfree, Rachael and Kremen, Claire},
  Journal                  = {Oecologia},
  Year                     = {2007},
  Number                   = {3},
  Pages                    = {589--596},
  Volume                   = {153},

  Publisher                = {Springer}
}

@Article{greggers1993memory,
  Title                    = {Memory dynamics and foraging strategies of honeybees},
  Author                   = {Greggers, Uwe and Menzel, Randolf},
  Journal                  = {Behavioral Ecology and Sociobiology},
  Year                     = {1993},
  Number                   = {1},
  Pages                    = {17--29},
  Volume                   = {32},

  Comment                  = {(absolute flow rates 0.0625, 0.125, 0.25, 0.5 piko-l/ min), bee speed 1-2m/sec},
  File                     = {greggers1993memory.pdf:greggers1993memory.pdf:PDF},
  Keywords                 = {lab, foraging, model, constancy,},
  Publisher                = {Springer}
}

@Article{grindeland2005effects,
  Title                    = {Effects of floral display size and plant density on pollinator visitation rate in a natural population of Digitalis purpurea},
  Author                   = {Grindeland, John Magne and Sletvold, Nina and Ims, Rolf Anker},
  Journal                  = {Functional Ecology},
  Year                     = {2005},
  Number                   = {3},
  Pages                    = {383--390},
  Volume                   = {19},

  Publisher                = {Wiley Online Library}
}

@Article{gumbert1999floral,
  Title                    = {Floral colour diversity in plant communities, bee colour space and a null model},
  Author                   = {Gumbert, A and Kunze, J and Chittka, L},
  Journal                  = {Proceedings of the Royal Society of London. Series B: Biological Sciences},
  Year                     = {1999},
  Number                   = {1429},
  Pages                    = {1711--1716},
  Volume                   = {266},

  Comment                  = {color,},
  File                     = {gumbert1999floral.pdf:Literatur\\gumbert1999floral.pdf:PDF},
  Keywords                 = {foraging, field},
  Publisher                = {The Royal Society}
}

@Article{hanoteaux2013effects,
  Title                    = {Effects of spatial patterns on the pollination success of a less attractive species},
  Author                   = {Hanoteaux, Sven and Tielb{\"o}rger, Katja and Seifan, Merav},
  Journal                  = {Oikos},
  Year                     = {2013},
  Number                   = {6},
  Pages                    = {867--880},
  Volume                   = {122},

  File                     = {hanoteaux2013effects.pdf:hanoteaux2013effects.pdf:PDF},
  Keywords                 = {model, ABM, references, foraging, FDP, cluster},
  Publisher                = {Wiley Online Library}
}

@Article{hill1997spontaneous,
  Title                    = {Spontaneous flower constancy and learning in honey bees as a function of colour},
  Author                   = {Hill, Peggy SM and Wells, Patrick H and Wells, Harrington},
  Journal                  = {Animal Behaviour},
  Year                     = {1997},
  Number                   = {3},
  Pages                    = {615--627},
  Volume                   = {54},

  Keywords                 = {constancy},
  Publisher                = {Elsevier}
}

@Article{hudewenz2012herbivore,
  Title                    = {Herbivore and pollinator responses to grassland management intensity along experimental changes in plant species richness},
  Author                   = {Hudewenz, Anika and Klein, Alexandra-Maria and Scherber, Christoph and Stanke, Lea and Tscharntke, Teja and Vogel, Anja and Weigelt, Alexandra and Weisser, Wolfgang W and Ebeling, Anne},
  Journal                  = {Biological Conservation},
  Year                     = {2012},
  Number                   = {1},
  Pages                    = {42--52},
  Volume                   = {150},

  File                     = {hudewenz2012herbivore.pdf:hudewenz2012herbivore.pdf:PDF},
  Keywords                 = {jena, field, pollination},
  Publisher                = {Elsevier}
}

@Article{jakobsson2009relationships,
  Title                    = {Relationships between the floral neighborhood and individual pollen limitation in two self-incompatible herbs},
  Author                   = {Jakobsson, Anna and L{\'a}zaro, Amparo and Totland, {\O}rjan},
  Journal                  = {Oecologia},
  Year                     = {2009},
  Number                   = {4},
  Pages                    = {707--719},
  Volume                   = {160},

  Publisher                = {Springer}
}

@Article{johnson2009self,
  Title                    = {A Self-Organizing Model for Task Allocation via Frequent Task Quitting and Random Walks in the Honeybee},
  Author                   = {Johnson, Brian R},
  Journal                  = {The American Naturalist},
  Year                     = {2009},
  Number                   = {4},
  Pages                    = {537--547},
  Volume                   = {174},

  File                     = {johnson2009self.pdf:johnson2009self.pdf:PDF},
  Keywords                 = {NetLogo, CRW, Model, ABM,},
  Publisher                = {JSTOR}
}

@Article{jones1996pollinator,
  Title                    = {Pollinator behavior and postpollination reproductive success in alternative floral phenotypes of Clarkia gracilis (Onagraceae)},
  Author                   = {Jones, Kristina Niovi},
  Journal                  = {International Journal of Plant Sciences},
  Year                     = {1996},
  Pages                    = {733--738},

  File                     = {jones1996pollinator.pdf:jones1996pollinator.pdf:PDF},
  Keywords                 = {FDP, field, morph,},
  Publisher                = {JSTOR}
}

@Article{kareiva1983analyzing,
  Title                    = {Analyzing insect movement as a correlated random walk},
  Author                   = {Kareiva, PM and Shigesada, N},
  Journal                  = {Oecologia},
  Year                     = {1983},
  Number                   = {2-3},
  Pages                    = {234--238},
  Volume                   = {56},

  File                     = {kareiva1983analyzing.pdf:Literatur\\kareiva1983analyzing.pdf:PDF},
  Keywords                 = {CRW},
  Publisher                = {Springer}
}

@Article{keasar1996innate,
  Title                    = {Innate movement rules in foraging bees: flight distances are affected by recent rewards and are correlated with choice of flower type},
  Author                   = {Keasar, Tamar and Shmida, Avi and Motro, Uzi},
  Journal                  = {Behavioral Ecology and Sociobiology},
  Year                     = {1996},
  Number                   = {6},
  Pages                    = {381--388},
  Volume                   = {39},

  Comment                  = {However �ight distances were longer when the previous flower was unrewarding than when it was rewarding. Also: Higher chance for flower chance with every non-rewarding visit},
  File                     = {keasar1996innate.pdf:Literatur\\keasar1996innate.pdf:PDF},
  Keywords                 = {lab, foraging, constancy,},
  Publisher                = {Springer}
}

@Article{Keitt2009,
  Title                    = {Habitat conversion, extinction thresholds, and pollination services in agroecosystems},
  Author                   = {Keitt, Timothy H},
  Journal                  = {Ecological Applications},
  Year                     = {2009},
  Number                   = {6},
  Pages                    = {1561--1573},
  Volume                   = {19},

  Publisher                = {Eco Soc America}
}

@Book{kluge2000klima,
  Title                    = {Das Klima ausgew{\"a}hlter Orte der Bundesrepublik Deutschland: Jena},
  Author                   = {Kluge, Gerhard and M{\"u}ller-Westermeier, Gerhard and Wetterdienst, Deutscher},
  Publisher                = {Selbstverlag des Deutschen Wetterdienstes},
  Year                     = {2000}
}

@Article{kunin1992density,
  Title                    = {Density and reproductive success in wild populations of Diplotaxis erucoides (Brassicaceae)},
  Author                   = {Kunin, WE},
  Journal                  = {Oecologia},
  Year                     = {1992},
  Number                   = {1},
  Pages                    = {129--133},
  Volume                   = {91},

  Comment                  = {nicht so wichtig},
  File                     = {kunin1992density.pdf:Literatur\\kunin1992density.pdf:PDF},
  Keywords                 = {density,},
  Publisher                = {Springer}
}

@Article{kunin1996pollinator,
  Title                    = {Pollinator foraging strategies in mixed floral arrays: density effects and floral constancy},
  Author                   = {Kunin, William and Iwasa, Yoh},
  Journal                  = {Theoretical population biology},
  Year                     = {1996},
  Number                   = {2},
  Pages                    = {232--263},
  Volume                   = {49},

  Comment                  = {very mathematical, lot of formula, more foraging strategies},
  File                     = {kunin1996pollinator.pdf:kunin1996pollinator.pdf:PDF},
  Keywords                 = {constancy, model, VR, parametervalues, foraging, rare, FDP},
  Owner                    = {1},
  Publisher                = {Elsevier}
}

@Article{Kunin1997,
  Title                    = {Population size and density effects in pollination: pollinator foraging and plant reproductive success in experimental arrays of Brassica kaber},
  Author                   = {Kunin, William E},
  Journal                  = {Journal of Ecology},
  Year                     = {1997},
  Pages                    = {225--234},

  File                     = {kunin1997population.pdf:Literatur\\kunin1997population.pdf:PDF},
  Keywords                 = {density},
  Publisher                = {JSTOR}
}

@InCollection{kunin1997population,
  Title                    = {Population biology and rarity: on the complexity of density dependence in insect-plant interactions},
  Author                   = {Kunin, William E},
  Booktitle                = {The biology of rarity},
  Publisher                = {Springer},
  Year                     = {1997},
  Pages                    = {150--173}
}

@Article{kunin1993sex,
  Title                    = {Sex and the single mustard: population density and pollinator behavior effects on seed-set},
  Author                   = {Kunin, William E},
  Journal                  = {Ecology},
  Year                     = {1993},
  Pages                    = {2145--2160},

  File                     = {kunin1993sex.pdf:kunin1993sex.pdf:PDF},
  Keywords                 = {density, field, VR,},
  Publisher                = {JSTOR}
}

@PhdThesis{kunin1991few,
  Title                    = {Few and far between: plant population density and its effects on insect-plant interactions},
  Author                   = {Kunin, William Edward},
  School                   = {University of Washington},
  Year                     = {1991},

  Keywords                 = {parametervalues}
}

@Article{lazaro2010population,
  Title                    = {Population dependence in the interactions with neighbors for pollination: a field experiment with Taraxacum officinale},
  Author                   = {L{\'a}zaro, Amparo and Totland, {\O}rjan},
  Journal                  = {American journal of botany},
  Year                     = {2010},
  Number                   = {5},
  Pages                    = {760--769},
  Volume                   = {97},

  Publisher                = {Botanical Soc America}
}

@Article{land1997visual,
  Title                    = {Visual acuity in insects},
  Author                   = {Land, Michael F},
  Journal                  = {Annual review of entomology},
  Year                     = {1997},
  Number                   = {1},
  Pages                    = {147--177},
  Volume                   = {42},

  Publisher                = {Annual Reviews 4139 El Camino Way, PO Box 10139, Palo Alto, CA 94303-0139, USA}
}

@Article{lefebvre2006spatial,
  Title                    = {Spatial distribution of bumblebees foraging on two cultivars of tomato in a commercial greenhouse},
  Author                   = {Lefebvre, Diane and Pierre, Jacqueline},
  Journal                  = {Journal of economic entomology},
  Year                     = {2006},
  Number                   = {5},
  Pages                    = {1571--1578},
  Volume                   = {99},

  Publisher                = {BioOne}
}

@Article{levin1972low,
  Title                    = {Low frequency disadvantage in the exploitation of pollinators by corolla variants in Phlox},
  Author                   = {Levin, Donald A},
  Journal                  = {American Naturalist},
  Year                     = {1972},
  Pages                    = {453--460},

  File                     = {levin1972low.pdf:levin1972low.pdf:PDF},
  Publisher                = {JSTOR}
}

@Book{may1974stability,
  Title                    = {Stability and complexity in model ecosystems},
  Author                   = {May, R},
  Publisher                = {Princeton University Press},
  Year                     = {1974}
}

@Article{mitchell2009new,
  Title                    = {New frontiers in competition for pollination},
  Author                   = {Mitchell, Randall J and Flanagan, Rebecca J and Brown, Beverly J and Waser, Nickolas M and Karron, Jeffrey D},
  Journal                  = {Annals of Botany},
  Year                     = {2009},
  Number                   = {9},
  Pages                    = {1403--1413},
  Volume                   = {103},

  Publisher                = {Annals Botany Co}
}

@Article{mogford1978pollination,
  Title                    = {Pollination and flower colour polymorphism, with special reference to Cirsium palustre},
  Author                   = {Mogford, DJ},
  Journal                  = {The pollination of flowers by insects},
  Year                     = {1978},
  Pages                    = {200},
  Volume                   = {191},

  Publisher                = {Academic Press London}
}

@Article{molofsky2002novel,
  Title                    = {A novel theory to explain species diversity in landscapes: positive frequency dependence and habitat suitability},
  Author                   = {Molofsky, Jane and Bever, James D},
  Journal                  = {Proceedings of the Royal Society of London. Series B: Biological Sciences},
  Year                     = {2002},
  Number                   = {1508},
  Pages                    = {2389--2393},
  Volume                   = {269},

  Comment                  = {stochastic spatial model, habitat complexity, habitat fragmentation, spacial model, theory, formula},
  File                     = {molofsky2002novel.pdf:molofsky2002novel.pdf:PDF},
  Keywords                 = {FDP, model,},
  Publisher                = {The Royal Society}
}

@Article{montgomery2009pollen,
  Title                    = {Do pollen carryover and pollinator constancy mitigate effects of competition for pollination?},
  Author                   = {Montgomery, Benjamin R},
  Journal                  = {Oikos},
  Year                     = {2009},
  Number                   = {7},
  Pages                    = {1084--1092},
  Volume                   = {118},

  Comment                  = {Many good references in introduction},
  File                     = {montgomery2009pollen.pdf:montgomery2009pollen.pdf:PDF},
  Keywords                 = {model, constancy, IPM, parametervalues},
  Publisher                = {Wiley Online Library}
}

@Article{morris2010benefit,
  Title                    = {Benefit and cost curves for typical pollination mutualisms},
  Author                   = {Morris, William F and V{\'a}zquez, Diego P and Chacoff, Natacha P},
  Journal                  = {Ecology},
  Year                     = {2010},
  Number                   = {5},
  Pages                    = {1276--1285},
  Volume                   = {91},

  Comment                  = {benefits and costs of mutualism; density dependence; interaction frequency; nectar robbery; pollinating seed�consumer mutualism.},
  File                     = {morris2010benefit.pdf:morris2010benefit.pdf:PDF},
  Keywords                 = {model, density, field,},
  Publisher                = {Eco Soc America}
}

@Article{munoz2008presence,
  Title                    = {The presence of a showy invasive plant disrupts pollinator service and reproductive output in native alpine species only at high densities},
  Author                   = {Mu{\~n}oz, Alejandro A and Cavieres, Lohengrin A},
  Journal                  = {Journal of Ecology},
  Year                     = {2008},
  Number                   = {3},
  Pages                    = {459--467},
  Volume                   = {96},

  Publisher                = {Wiley Online Library}
}

@Article{ne2001effect,
  Title                    = {The effect of shape parameters on maximal detection distance of model targets by honeybee workers},
  Author                   = {Ne'eman, Gidi and Kevan, Peter G},
  Journal                  = {Journal of Comparative Physiology A},
  Year                     = {2001},
  Number                   = {8},
  Pages                    = {653--660},
  Volume                   = {187},

  Comment                  = {They tested in the lab from which distance bees can identify a flower},
  File                     = {ne2001effect.pdf:ne2001effect.pdf:PDF},
  Keywords                 = {view, parametervalues},
  Publisher                = {Springer}
}

@Manual{Rnlme,
  Title                    = {{nlme}: Linear and Nonlinear Mixed Effects Models},
  Author                   = {Jose Pinheiro and Douglas Bates and Saikat DebRoy and Deepayan Sarkar and {R Core Team}},
  Note                     = {R package version 3.1-117},
  Year                     = {2014},

  Url                      = {http://CRAN.R-project.org/package=nlme}
}

@Article{pleasants1983distribution,
  Title                    = {The distribution of standing crop of nectar: what does it really tell us?},
  Author                   = {Pleasants, John M and Zimmerman, Michael},
  Journal                  = {Oecologia},
  Year                     = {1983},
  Number                   = {3},
  Pages                    = {412--414},
  Volume                   = {57},

  Publisher                = {Springer}
}

@Article{pyke1992flight,
  Title                    = {The flight directionality of bumblebees: do they remember where they came from?},
  Author                   = {Pyke, GH and Cartar, RV},
  Journal                  = {Oikos},
  Year                     = {1992},
  Pages                    = {321--327},

  Comment                  = {turning flowers to check if bumble bees depart in the same way they came},
  File                     = {pyke1992flight.pdf:Literatur\\pyke1992flight.pdf:PDF},
  Keywords                 = {CRW, foraging, field},
  Publisher                = {JSTOR}
}

@Article{pyke1984optimal,
  Title                    = {Optimal foraging theory: a critical review},
  Author                   = {Pyke, Graham H},
  Journal                  = {Annual review of ecology and systematics},
  Year                     = {1984},
  Pages                    = {523--575},

  Publisher                = {JSTOR}
}

@Article{pyke1978optimal,
  Title                    = {Optimal foraging in bumblebees and coevolution with their plants},
  Author                   = {Pyke, Graham H},
  Journal                  = {Oecologia},
  Year                     = {1978},
  Number                   = {3},
  Pages                    = {281--293},
  Volume                   = {36},

  Comment                  = {optimal foraging, bumblebee, movement of bumblebee within the inflorescence,},
  File                     = {pyke1978optimal.pdf:Literatur\\pyke1978optimal.pdf:PDF},
  Keywords                 = {foraging, field,},
  Publisher                = {Springer}
}

@Manual{R,
  Title                    = {R: A Language and Environment for Statistical Computing},

  Address                  = {Vienna, Austria},
  Author                   = {{R Core Team}},
  Organization             = {R Foundation for Statistical Computing},
  Year                     = {2014},

  Url                      = {http://www.R-project.org/}
}

@Article{rands2010effects,
  Title                    = {Effects of pollinator density-dependent preferences on field margin visitations in the midst of agricultural monocultures: A modelling approach},
  Author                   = {Rands, Sean A and Whitney, Heather M},
  Journal                  = {Ecological Modelling},
  Year                     = {2010},
  Number                   = {9},
  Pages                    = {1310--1316},
  Volume                   = {221},

  Comment                  = {monocultures and field margins, free pollination, wild pollinators, spacial model},
  File                     = {rands2010effects.pdf:rands2010effects.pdf:PDF},
  Keywords                 = {model, foraging, constancy, density},
  Publisher                = {Elsevier}
}

@Article{rathcke1983competition,
  Title                    = {Competition and facilitation among plants for pollination},
  Author                   = {Rathcke, B},
  Journal                  = {Pollination biology},
  Year                     = {1983},
  Pages                    = {305--329},

  Publisher                = {Academic Press London}
}

@Article{roscher2004role,
  Title                    = {The role of biodiversity for element cycling and trophic interactions: an experimental approach in a grassland community},
  Author                   = {Roscher, Christiane and Schumacher, Jens and Baade, Jussi and Wilcke, Wolfgang and Gleixner, Gerd and Weisser, Wolfgang W and Schmid, Bernhard and Schulze, Ernst-Detlef},
  Journal                  = {Basic and Applied Ecology},
  Year                     = {2004},
  Number                   = {2},
  Pages                    = {107--121},
  Volume                   = {5},

  File                     = {roscher2004role.pdf:roscher2004role.pdf:PDF},
  Keywords                 = {jena},
  Publisher                = {Elsevier}
}

@Book{roubik1992ecology,
  Title                    = {Ecology and natural history of tropical bees},
  Author                   = {Roubik, David W},
  Publisher                = {Cambridge University Press},
  Year                     = {1992}
}

@Article{seeley1991collective,
  Title                    = {Collective decision-making in honey bees: how colonies choose among nectar sources},
  Author                   = {Seeley, Thomas D and Camazine, Scott and Sneyd, James},
  Journal                  = {Behavioral Ecology and Sociobiology},
  Year                     = {1991},
  Number                   = {4},
  Pages                    = {277--290},
  Volume                   = {28},

  File                     = {seeley1991collective.pdf:Literatur\\seeley1991collective.pdf:PDF},
  Keywords                 = {foraging, field},
  Publisher                = {Springer}
}

@Article{seeley1988assessing,
  Title                    = {Assessing the benefits of cooperation in honeybee foraging: search costs, forage quality, and competitive ability},
  Author                   = {Seeley, Thomas D and Visscher, P Kirk},
  Journal                  = {Behavioral Ecology and Sociobiology},
  Year                     = {1988},
  Number                   = {4},
  Pages                    = {229--237},
  Volume                   = {22},

  File                     = {seeley1988assessing.pdf:Literatur\\seeley1988assessing.pdf:PDF},
  Keywords                 = {field, foraging,},
  Publisher                = {Springer}
}

@Article{seifan2014outcome,
  Title                    = {The outcome of shared pollination services is affected by the density and spatial pattern of an attractive neighbour},
  Author                   = {Seifan, Merav and Hoch, Eva-Maria and Hanoteaux, Sven and Tielb{\"o}rger, Katja},
  Journal                  = {Journal of Ecology},
  Year                     = {2014},

  File                     = {seifan2014outcome.pdf:Literatur\\seifan2014outcome.pdf:PDF},
  Keywords                 = {references,},
  Publisher                = {Wiley Online Library}
}

@Article{smithson2001pollinator,
  Title                    = {Pollinator preference, frequency dependence, and floral evolution},
  Author                   = {Smithson, A},
  Journal                  = {Cognitive ecology of pollination: Animal behaviour and evolution, Cambridge Univ. Press, Cambridge},
  Year                     = {2001},
  Pages                    = {237--257},

  Comment                  = {leider kein PDF, aus Buch},
  Keywords                 = {morph, field, FDP}
}

@Article{smithson1997density,
  Title                    = {Density-dependent and frequency-dependent selection by bumblebees Bombus terrestris (L.)(Hymenoptera: Apidae)},
  Author                   = {Smithson, Ann and MacNair, Mark},
  Journal                  = {Biological Journal of the Linnean Society},
  Year                     = {1997},
  Number                   = {3},
  Pages                    = {401--417},
  Volume                   = {60},

  Comment                  = {different corolla color, different reward, learning, naive bumblebees on array of artificial flowers},
  File                     = {smithson1997density.pdf:smithson1997density.pdf:PDF},
  Keywords                 = {lab, morph, density, FDP, foraging},
  Publisher                = {Wiley Online Library}
}

@Article{smithson1997negative,
  Title                    = {Negative frequency-dependent selection by pollinators on artificial flowers without rewards},
  Author                   = {Smithson, Ann and MacNair, Mark},
  Journal                  = {Evolution},
  Year                     = {1997},
  Pages                    = {715--723},

  Comment                  = {different rewards, bumblebees in lab experiment with artificial flowers,},
  File                     = {smithson1997negative.pdf:smithson1997negative.pdf:PDF},
  Keywords                 = {foraging, morph, FDP, lab},
  Publisher                = {JSTOR}
}

@Article{smithson1996frequency,
  Title                    = {Frequency-dependent selection by pollinators: mechanisms and consequences with regard to behaviour of bumblebees Bombus terrestris (L.)(Hymenoptera: Apidae)},
  Author                   = {Smithson, A and Macnair, MR},
  Journal                  = {Journal of Evolutionary Biology},
  Year                     = {1996},
  Number                   = {5},
  Pages                    = {571--588},
  Volume                   = {9},

  Comment                  = {bumblebees in lab experiment on artificial flowers with reward and different color},
  File                     = {smithson1996frequency.pdf:smithson1996frequency.pdf:PDF},
  Keywords                 = {FDP, lab, foraging, morph,},
  Publisher                = {Wiley Online Library}
}

@Article{song2014adaptive,
  Title                    = {Adaptive foraging behaviour of individual pollinators and the coexistence of co-flowering plants},
  Author                   = {Song, Zhiyuan and Feldman, Marcus W},
  Journal                  = {Proceedings of the Royal Society B: Biological Sciences},
  Year                     = {2014},
  Number                   = {1776},
  Pages                    = {20132437},
  Volume                   = {281},

  Comment                  = {adaptive foraging, flower constancy,mutualism, plant species coexistence,population dynamics, interesting graphic about density ~ frequency},
  File                     = {song2014adaptive.pdf:song2014adaptive.pdf:PDF},
  Keywords                 = {model, foraging, constancy, parametervalues, FDP},
  Publisher                = {The Royal Society}
}

@Article{spaethe2001visual,
  Title                    = {Visual constraints in foraging bumblebees: flower size and color affect search time and flight behavior},
  Author                   = {Spaethe, J and Tautz, J and Chittka, L},
  Journal                  = {Proceedings of the National Academy of Sciences},
  Year                     = {2001},
  Number                   = {7},
  Pages                    = {3898--3903},
  Volume                   = {98},

  File                     = {spaethe2001visual.pdf:Literatur\\spaethe2001visual.pdf:PDF},
  Keywords                 = {parametervalues, vision, foraging},
  Publisher                = {National Acad Sciences}
}

@Article{stout1998influence,
  Title                    = {The influence of relative plant density and floral morphological complexity on the behaviour of bumblebees},
  Author                   = {Stout, Jane C and Allen, John A and Goulson, Dave},
  Journal                  = {Oecologia},
  Year                     = {1998},
  Number                   = {4},
  Pages                    = {543--550},
  Volume                   = {117},

  Comment                  = {different plant complexities,},
  File                     = {stout1998influence.pdf:Literatur\\stout1998influence.pdf:PDF},
  Keywords                 = {lab, foraging, density, VR},
  Publisher                = {Springer}
}

@Article{stout2002influence,
  Title                    = {The influence of nectar secretion rates on the responses of bumblebees (Bombus spp.) to previously visited flowers},
  Author                   = {Stout, Jane C and Goulson, Dave},
  Journal                  = {Behavioral Ecology and Sociobiology},
  Year                     = {2002},
  Number                   = {3},
  Pages                    = {239--246},
  Volume                   = {52},

  Comment                  = {reward, nectar, Lotus},
  File                     = {stout2002influence.pdf:stout2002influence.pdf:PDF},
  Keywords                 = {model, parametervalues, field, foraging, VR},
  Publisher                = {Springer}
}

@Article{thiele2014r,
  Title                    = {RNetLogo: An R Package for Running and Exploring Individual-Based Models Implemented in NetLogo},
  Author                   = {Thiele, Jan C and Kurth, Winfried and Grimm, Volker},
  Journal                  = {Methods in Ecology and Evolution},
  Year                     = {2012},
  Pages                    = {480-483},
  Volume                   = {3}
}

@Article{thomson1981field,
  Title                    = {Field measures of flower constancy in bumblebees},
  Author                   = {Thomson, James D},
  Journal                  = {American Midland Naturalist},
  Year                     = {1981},
  Pages                    = {377--380},

  Publisher                = {JSTOR}
}

@Article{totland1998determinants,
  Title                    = {Determinants of pollinator activity and flower preference in the early spring blooming< i> Crocus vernus</i>},
  Author                   = {Totland, {\O}rjan and Matthews, Ingrid},
  Journal                  = {Acta Oecologica},
  Year                     = {1998},
  Number                   = {2},
  Pages                    = {155--165},
  Volume                   = {19},

  Publisher                = {Elsevier}
}

@Article{vazquez2009uniting,
  Title                    = {Uniting pattern and process in plant--animal mutualistic networks: a review},
  Author                   = {V{\'a}zquez, Diego P and Bl{\"u}thgen, Nico and Cagnolo, Luciano and Chacoff, Natacha P},
  Journal                  = {Annals of Botany},
  Year                     = {2009},
  Number                   = {9},
  Pages                    = {1445--1457},
  Volume                   = {103},

  Publisher                = {Annals Botany Co}
}

@Article{vazquez2005interaction,
  Title                    = {Interaction frequency as a surrogate for the total effect of animal mutualists on plants},
  Author                   = {V{\'a}zquez, Diego P and Morris, William F and Jordano, Pedro},
  Journal                  = {Ecology Letters},
  Year                     = {2005},
  Number                   = {10},
  Pages                    = {1088--1094},
  Volume                   = {8},

  File                     = {vazquez2005interaction.pdf:vazquez2005interaction.pdf:PDF},
  Publisher                = {Wiley Online Library}
}

@Article{valdovinos2013adaptive,
  Title                    = {Adaptive foraging allows the maintenance of biodiversity of pollination networks},
  Author                   = {Valdovinos, Fernanda S and Moisset de Espan{\'e}s, Pablo and Flores, Jos{\'e} D and Ramos-Jiliberto, Rodrigo},
  Journal                  = {Oikos},
  Year                     = {2013},
  Number                   = {6},
  Pages                    = {907--917},
  Volume                   = {122},

  Publisher                = {Wiley Online Library}
}

@Article{van2014frequency,
  Title                    = {Frequency-dependent pollinator discrimination acts against female plants in the gynodioecious Geranium maculatum},
  Author                   = {Van Etten, Megan L and Chang, Shu-Mei},
  Journal                  = {Annals of botany},
  Year                     = {2014},
  Pages                    = {mcu204},

  Publisher                = {Annals Botany Co}
}

@Article{viswanathan2008levy,
  Title                    = {L{\'e}vy flights and superdiffusion in the context of biological encounters and random searches},
  Author                   = {Viswanathan, GM and Raposo, EP and Da Luz, MGE},
  Journal                  = {Physics of Life Reviews},
  Year                     = {2008},
  Number                   = {3},
  Pages                    = {133--150},
  Volume                   = {5},

  Comment                  = {random movement of animals},
  File                     = {viswanathan2008levy.pdf:Literatur\\viswanathan2008levy.pdf:PDF},
  Keywords                 = {model, foraging, CRW,},
  Publisher                = {Elsevier}
}

@Article{waddington1980flight,
  Title                    = {Flight patterns of foraging bees relative to density of artificial flowers and distribution of nectar},
  Author                   = {Waddington, Keith D},
  Journal                  = {Oecologia},
  Year                     = {1980},
  Number                   = {2},
  Pages                    = {199--204},
  Volume                   = {44},

  Comment                  = {Empirical data for turning angles},
  File                     = {waddington1980flight.pdf:Literatur\\waddington1980flight.pdf:PDF},
  Keywords                 = {CRW, parametervalues},
  Publisher                = {Springer}
}

@Article{waser1986flower,
  Title                    = {Flower constancy: definition, cause, and measurement},
  Author                   = {Waser, Nickolas M},
  Journal                  = {American Naturalist},
  Year                     = {1986},
  Pages                    = {593--603},

  File                     = {waser1986flower.pdf:waser1986flower.pdf:PDF},
  Publisher                = {JSTOR}
}

@Article{wertlen2008detection,
  Title                    = {Detection of patches of coloured discs by bees},
  Author                   = {Wertlen, Anna M and Niggebr{\"u}gge, Claudia and Vorobyev, Misha and de Ibarra, Natalie Hempel},
  Journal                  = {Journal of Experimental Biology},
  Year                     = {2008},
  Number                   = {13},
  Pages                    = {2101--2104},
  Volume                   = {211},

  Publisher                = {The Company of Biologists Ltd}
}

@Article{wilensky1999netlogo,
  Title                    = {NetLogo},
  Author                   = {Wilensky, Uri},
  Journal                  = {Center for Connected Learning and Computer-Based Modeling, Northwestern University. Evanston, IL.},
  Year                     = {1999},

  Publisher                = {Northwestern University},
  Url                      = {http://ccl.northwestern.edu/netlogo/}
}

@Article{wright1946genetics,
  Title                    = {Genetics of natural populations. XII. Experimental reproduction of some of the changes caused by natural selection in certain populations of Drosophila pseudoobscura},
  Author                   = {Wright, Sewall and Dobzhansky, Theodosius},
  Journal                  = {Genetics},
  Year                     = {1946},
  Number                   = {2},
  Pages                    = {125},
  Volume                   = {31},

  Publisher                = {Genetics Society of America}
}

@Article{zhang2011interaction,
  Title                    = {An interaction switch predicts the nested architecture of mutualistic networks},
  Author                   = {Zhang, Feng and Hui, Cang and Terblanche, John S},
  Journal                  = {Ecology letters},
  Year                     = {2011},
  Number                   = {8},
  Pages                    = {797--803},
  Volume                   = {14},

  Publisher                = {Wiley Online Library}
}

@Book{zuur2007analysing,
  Title                    = {Analysing ecological data},
  Author                   = {Zuur, Alain and Ieno, Elena N and Smith, Graham M},
  Publisher                = {Springer Science \& Business Media},
  Year                     = {2007}
}

@comment{jabref-meta: groupsversion:3;}

@comment{jabref-meta: groupstree:
0 AllEntriesGroup:;
1 KeywordGroup:Model\;0\;keywords\;model\;0\;0\;;
1 KeywordGroup:basic\;0\;keywords\;basic\;0\;0\;;
1 KeywordGroup:field\;0\;keywords\;field\;0\;0\;;
1 KeywordGroup:Constancy\;0\;keywords\;constancy\;0\;0\;;
1 KeywordGroup:FDP\;0\;keywords\;FDP\;0\;0\;;
1 KeywordGroup:IPM\;0\;keywords\;IPM\;0\;0\;;
1 KeywordGroup:jena\;0\;keywords\;jena\;0\;0\;;
}

